@Article{klare_enabling_2021,
  author  = {Klare, Heiko and Kramer, Max E. and Langhammer, Michael and Werle, Dominik and Burger, Erik and Reussner, Ralf},
  journal = {Journal of Systems and Software},
  title   = {{Enabling Consistency in View-Based System Development — {The} {Vitruvius} Approach}},
  year    = {2021},
  pages   = {110815},
  volume  = {171},
  doi     = {10.1016/j.jss.2020.110815},
}

@article{burger_model-join_2016,
	title = {View-based model-driven software development with {ModelJoin}},
	volume = {15},	
	doi = {10.1007/s10270-014-0413-5},
	language = {en},
	number = {2},
	journal = {Software \& Systems Modeling},
	author = {Burger, Erik and Henss, Jörg and Küster, Martin and Kruse, Steffen and Happe, Lucia},
	month = may,
	year = {2016},
	pages = {473--496},
}

@InProceedings{braun_classification_2014,
  author    = {Braun, Richard and Esswein, Werner},
  booktitle = {The {Practice} of {Enterprise} {Modeling}},
  title     = {Classification of {Domain}-{Specific} {BPMN} {Extensions}},
  year      = {2014},
  pages     = {42--57},
  publisher = {Springer},
  doi       = {10.1007/978-3-662-45501-2_4},
  language  = {en},
}

@article{zarour_systematic_2019,
    title = {A systematic literature review on {BPMN} extensions},
    volume = {26},    
    doi = {10.1108/BPMJ-01-2019-0040},
    language = {en},
    number = {6},
    journal = {Business Process Management Journal},
    author = {Zarour, Karim and Benmerzoug, Djamel and Guermouche, Nawal and Drira, Khalil},
    month = nov,
    year = {2019},
    pages = {1473--1503},
}

@inproceedings{graja_bpmn4cps_2016,
    title = {{BPMN4CPS}: {A} {BPMN} {Extension} for {Modeling} {Cyber}-{Physical} {Systems}},
    shorttitle = {{BPMN4CPS}},
    doi = {10.1109/WETICE.2016.41},
    booktitle = {2016 {IEEE} 25th {International} {Conference} on {Enabling} {Technologies}: {Infrastructure} for {Collaborative} {Enterprises} ({WETICE})},
    author = {Graja, Imen and Kallel, Slim and Guermouche, Nawal and Kacem, Ahmed Hadj},
    month = jun,
    year = {2016},
    pages = {152--157},
}

@inproceedings{kessentini_automated_2018,
    address = {Cham},
    series = {Lecture {Notes} in {Computer} {Science}},
    title = {Automated {Co}-evolution of {Metamodels} and {Transformation} {Rules}: {A} {Search}-{Based} {Approach}},
    shorttitle = {Automated {Co}-evolution of {Metamodels} and {Transformation} {Rules}},
    doi = {10.1007/978-3-319-99241-9_12},
    language = {en},
    booktitle = {Search-{Based} {Software} {Engineering}},
    publisher = {Springer International Publishing},
    author = {Kessentini, Wael and Sahraoui, Houari and Wimmer, Manuel},
    editor = {Colanzi, Thelma Elita and McMinn, Phil},
    year = {2018},
    pages = {229--245},
}

@Article{kessentini_semi-automated_2022,
  author  = {Kessentini, Wael and Alizadeh, Vahid},
  journal = {Software and Systems Modeling},
  title   = {Semi-automated metamodel/model co-evolution: a multi-level interactive approach},
  year    = {2022},
  number  = {5},
  pages   = {1853--1876},
  volume  = {21},
  doi     = {10.1007/s10270-022-00978-2},
}

@InProceedings{kessentini_interactive_2020,
  author    = {Kessentini, Wael and Alizadeh, Vahid},
  booktitle = {{ACM}/{IEEE} {International} {Conference} on {Model} {Driven} {Engineering} {Languages} and {Systems}},
  title     = {Interactive metamodel/model co-evolution using unsupervised learning and multi-objective search},
  year      = {2020},
  pages     = {68--78},
  publisher = {ACM},
  doi       = {10.1145/3365438.3410966},
}

@inproceedings{kessentini_integrating_2018,
    address = {New York, NY, USA},
    series = {{MODELS} '18},
    title = {Integrating the {Designer} in-the-loop for {Metamodel}/{Model} {Co}-{Evolution} via {Interactive} {Computational} {Search}},
    doi = {10.1145/3239372.3239375},
    booktitle = {Proceedings of the 21th {ACM}/{IEEE} {International} {Conference} on {Model} {Driven} {Engineering} {Languages} and {Systems}},
    publisher = {Association for Computing Machinery},
    author = {Kessentini, Wael and Wimmer, Manuel and Sahraoui, Houari},
    month = oct,
    year = {2018},
    pages = {101--111},
}

@InProceedings{khelladi_change_2018,
  author    = {Khelladi, Djamel Eddine and Kretschmer, Roland and Egyed, Alexander},
  booktitle = {{ACM}/{IEEE} {International} {Conference} on {Model} {Driven} {Engineering} {Languages} and {Systems}},
  title     = {Change {Propagation}-based and {Composition}-based {Co}-evolution of {Transformations} with {Evolving} {Metamodels}},
  year      = {2018},
  address   = {New York, NY, USA},
  pages     = {404--414},
  publisher = {ACM},
  doi       = {10.1145/3239372.3239380},
}

@InProceedings{khelladi_detecting_2015,
  author    = {Khelladi, Djamel Eddine and Hebig, Regina and Bendraou, Reda and Robin, Jacques and Gervais, Marie-Pierre},
  booktitle = {Advanced {Information} {Systems} {Engineering}},
  title     = {Detecting {Complex} {Changes} {During} {Metamodel} {Evolution}},
  year      = {2015},
  editor    = {Zdravkovic, Jelena and Kirikova, Marite and Johannesson, Paul},
  pages     = {263--278},
  publisher = {Springer International Publishing},
  doi       = {10.1007/978-3-319-19069-3_17},
}

@article{kretschmer_consistent_2021,
    title = {Consistent change propagation within models},
    volume = {20},    
    doi = {10.1007/s10270-020-00823-4},
    language = {en},
    number = {2},
    journal = {Software and Systems Modeling},
    author = {Kretschmer, Roland and Khelladi, Djamel Eddine and Lopez-Herrejon, Roberto Erick and Egyed, Alexander},
    month = apr,
    year = {2021},
    pages = {539--555},
}

@Article{wittler_differencing_2023,
  author  = {Wittler, Jan Willem and Saglam, Timur and Kühn, Thomas},
  journal = {Journal of Object Technology},
  title   = {{Evaluating Model Differencing for the Consistency Preservation of State-Based Views}},
  year    = {2023},
  number  = {2},
  pages   = {1--14},
  volume  = {22},
  doi     = {10.5381/jot.2023.22.2.a4},
}

@inproceedings{bettini_edelta_2017,
    title = {Edelta: {An} {Approach} for {Defining} and {Applying} {Reusable} {Metamodel} {Refactorings}.},
    booktitle = {{MODELS} (satellite events)},
    author = {Bettini, Lorenzo and Di Ruscio, Davide and Iovino, Ludovico and Pierantonio, Alfonso},
    year = {2017},
    pages = {71--80},
}

@article{bettini_supporting_2022,
    title = {Supporting safe metamodel evolution with edelta},
    volume = {24},    
    doi = {10.1007/s10009-022-00646-2},
    language = {en},
    number = {2},
    journal = {International Journal on Software Tools for Technology Transfer},
    author = {Bettini, Lorenzo and Di Ruscio, Davide and Iovino, Ludovico and Pierantonio, Alfonso},
    month = apr,
    year = {2022},
    pages = {247--260},
}

@article{bettini_executable_2022,
    title = {An executable metamodel refactoring catalog},
    volume = {21},    
    doi = {10.1007/s10270-022-01034-9},
    language = {en},
    number = {5},
    journal = {Software and Systems Modeling},
    author = {Bettini, Lorenzo and Di Ruscio, Davide and Iovino, Ludovico and Pierantonio, Alfonso},
    month = oct,
    year = {2022},
    pages = {1689--1709},
}

@inproceedings{bettini_edelta_2020,
    address = {New York, NY, USA},
    series = {{MODELS} '20},
    title = {Edelta 2.0: supporting live metamodel evolutions},
    shorttitle = {Edelta 2.0},
    doi = {10.1145/3417990.3419501},
    booktitle = {Proceedings of the 23rd {ACM}/{IEEE} {International} {Conference} on {Model} {Driven} {Engineering} {Languages} and {Systems}: {Companion} {Proceedings}},
    publisher = {Association for Computing Machinery},
    author = {Bettini, Lorenzo and Di Ruscio, Davide and Iovino, Ludovico and Pierantonio, Alfonso},
    month = oct,
    year = {2020},
    pages = {1--10},
}

@inproceedings{vermolen_reconstructing_2012,
    address = {Berlin, Heidelberg},
    series = {Lecture {Notes} in {Computer} {Science}},
    title = {Reconstructing {Complex} {Metamodel} {Evolution}},
    doi = {10.1007/978-3-642-28830-2_11},
    language = {en},
    booktitle = {Software {Language} {Engineering}},
    publisher = {Springer},
    author = {Vermolen, Sander D. and Wachsmuth, Guido and Visser, Eelco},
    editor = {Sloane, Anthony and Aßmann, Uwe},
    year = {2012},
    pages = {201--221},
}

@InProceedings{herrmannsdoerfer_extensive_2011,
  author    = {Herrmannsdoerfer, Markus and Vermolen, Sander D. and Wachsmuth, Guido},
  booktitle = {Software {Language} {Engineering}},
  title     = {An {Extensive} {Catalog} of {Operators} for the {Coupled} {Evolution} of {Metamodels} and {Models}},
  year      = {2011},
  pages     = {163--182},
  publisher = {Springer},
  doi       = {10.1007/978-3-642-19440-5_10},
}

@InProceedings{durisic_evolution_2014,
  author    = {Durisic, Darko and Staron, Miroslaw and Tichy, Matthias and Hansson, Jörgen},
  booktitle = {{EUROMICRO} {Conference} on {Software} {Engineering} and {Advanced} {Applications}},
  title     = {Evolution of {Long}-{Term} {Industrial} {Meta}-{Models} – {An} {Automotive} {Case} {Study} of {AUTOSAR}},
  year      = {2014},
  pages     = {141--148},
  doi       = {10.1109/SEAA.2014.21},
}

@article{durisic_assessing_2019,
    title = {Assessing the impact of meta-model evolution: a measure and its automotive application},
    volume = {18},    
    shorttitle = {Assessing the impact of meta-model evolution},
    doi = {10.1007/s10270-017-0601-1},
    language = {en},
    number = {2},
    journal = {Software \& Systems Modeling},
    author = {Durisic, Darko and Staron, Miroslaw and Tichy, Matthias and Hansson, Jörgen},
    month = apr,
    year = {2019},
    pages = {1419--1445},
}

@inproceedings{wimmer_viewpoint_2012,
    address = {Berlin, Heidelberg},
    series = {Lecture {Notes} in {Computer} {Science}},
    title = {Viewpoint {Co}-evolution through {Coarse}-{Grained} {Changes} and {Coupled} {Transformations}},
    doi = {10.1007/978-3-642-30561-0_23},
    language = {en},
    booktitle = {Objects, {Models}, {Components}, {Patterns}},
    publisher = {Springer},
    author = {Wimmer, Manuel and Moreno, Nathalie and Vallecillo, Antonio},
    editor = {Furia, Carlo A. and Nanz, Sebastian},
    year = {2012},
    pages = {336--352},
}

@inproceedings{nordstrom_metamodeling-rapid_1999,
    title = {Metamodeling-rapid design and evolution of domain-specific modeling environments},
    doi = {10.1109/ECBS.1999.755863},
    booktitle = {Proceedings {ECBS}'99. {IEEE} {Conference} and {Workshop} on {Engineering} of {Computer}-{Based} {Systems}},
    author = {Nordstrom, G. and Sztipanovits, J. and Karsai, G. and Ledeczi, A.},
    month = mar,
    year = {1999},
    pages = {68--74},
}

@inproceedings{duran_empirically_2004,
    address = {Berlin, Heidelberg},
    series = {Lecture {Notes} in {Computer} {Science}},
    title = {Empirically {Driven} {Use} {Case} {Metamodel} {Evolution}},
    doi = {10.1007/978-3-540-30187-5_1},
    language = {en},
    booktitle = {«{UML}» 2004 — {The} {Unified} {Modeling} {Language}. {Modeling} {Languages} and {Applications}},
    publisher = {Springer},
    author = {Durán, Amador and Bernárdez, Beatriz and Genero, Marcela and Piattini, Mario},
    editor = {Baar, Thomas and Strohmeier, Alfred and Moreira, Ana and Mellor, Stephen J.},
    year = {2004},
    pages = {1--11},
}

@inproceedings{cherfa_identifying_2021,
    title = {Identifying {Metamodel} {Inaccurate} {Structures} {During} {Metamodel}/{Constraint} {Co}-{Evolution}},
    doi = {10.1109/MODELS50736.2021.00012},
    booktitle = {2021 {ACM}/{IEEE} 24th {International} {Conference} on {Model} {Driven} {Engineering} {Languages} and {Systems} ({MODELS})},
    author = {Cherfa, Elyes and Mesli-Kesraoui, Soraya and Tibermacine, Chouki and Sadou, Salah and Fleurquin, Régis},
    month = oct,
    year = {2021},
    pages = {24--34},
}

@InProceedings{atkinson_orthographic_2010,
  author    = {Atkinson, Colin and Stoll, Dietmar and Bostan, Philipp},
  booktitle = {Evaluation of {Novel} {Approaches} to {Software} {Engineering}},
  title     = {Orthographic {Software} {Modeling}: {A} {Practical} {Approach} to {View}-{Based} {Development}},
  year      = {2010},
  pages     = {206--219},
  publisher = {Springer},
  doi       = {10.1007/978-3-642-14819-4_15},
}

@inproceedings{meier_single_2019,
    address = {Prague, Czech Republic},
    title = {Single {Underlying} {Models} for {Projectional}, {Multi}-{View} {Environments}:},
    shorttitle = {Single {Underlying} {Models} for {Projectional}, {Multi}-{View} {Environments}},
    doi = {10.5220/0007396401190130},
    language = {en},
    booktitle = {Proceedings of the 7th {International} {Conference} on {Model}-{Driven} {Engineering} and {Software} {Development}},
    publisher = {SCITEPRESS - Science and Technology Publications},
    author = {Meier, Johannes and Klare, Heiko and Tunjic, Christian and Atkinson, Colin and Burger, Erik and Reussner, Ralf and Winter, Andreas},
    year = {2019},
    pages = {119--130},
}

@inproceedings{favre_languages_2005,
    title = {Languages evolve too! {Changing} the software time scale},
    doi = {10.1109/IWPSE.2005.22},
    booktitle = {Eighth {International} {Workshop} on {Principles} of {Software} {Evolution} ({IWPSE}'05)},
    author = {Favre, J.-M.},
    month = sep,
    year = {2005},
    note = {ISSN: 2332-5682},
    pages = {33--42},
}

@InProceedings{atkinson_fundamental_2015,
  author    = {Atkinson, Colin and Tunjic, Christian and Moller, Torben},
  booktitle = {{International} {Enterprise} {Distributed} {Object} {Computing} {Conference}},
  title     = {Fundamental {Realization} {Strategies} for {Multi}-view {Specification} {Environments}},
  year      = {2015},
  pages     = {40--49},
  publisher = {IEEE},
  doi       = {10.1109/EDOC.2015.17},
}

@article{goldschmidt_towards_2012,
	title = {Towards a tool-oriented taxonomy of view-based modelling},
	journal = {Modellierung 2012},
	author = {Goldschmidt, Thomas and Becker, Steffen and Burger, Erik},
	year = {2012},
	note = {Publisher: Gesellschaft für Informatik eV},
}

@inproceedings{tunjic_synchronization_2015,
	address = {L'Aquila Italy},
	title = {Synchronization of {Projective} {Views} on a {Single}-{Underlying}-{Model}},
	doi = {10.1145/2802059.2802066},
	language = {en},
	booktitle = {Proceedings of the 2015 {Joint} {MORSE}/{VAO} {Workshop} on {Model}-{Driven} {Robot} {Software} {Engineering} and {View}-based {Software}-{Engineering}},
	publisher = {ACM},
	author = {Tunjic, Christian and Atkinson, Colin},
	month = jul,
	year = {2015},
	pages = {55--58},
}

@TechReport{omg_qvt,
  author      = {{Object Management Group}},
  institution = {MOF Query/View/Transformation},
  title       = {{MOF Query/View/Transformation Specification}},
  year        = {2016},
  month       = jun,
  publisher   = {Object Management Group (OMG)},
  url         = {https://www.omg.org/spec/QVT/1.3/},
  number      = {v1.3},
}

@Article{eclipse_atl,
  author  = {Jouault, Frédéric and Allilaire, Freddy and Bézivin, Jean and Kurtev, Ivan},
  journal = {Science of Computer Programming},
  title   = {{ATL: A Model Transformation Tool}},
  year    = {2008},
  pages   = {31--39},
  volume  = {72},
}

@TechReport{omg_ocl,
  author      = {{Object Management Group}},
  institution = {{Object Management Group}},
  title       = {{Object Constraint Language}},
  year        = {2014},
  publisher   = {Object Management Group (OMG)},
  url         = {https://www.omg.org/spec/OCL/2.4},
  number      = {v2.4},
}

@article{foster_combinators_2007,
	title = {Combinators for bidirectional tree transformations: {A} linguistic approach to the view-update problem},
	volume = {29},	
	shorttitle = {Combinators for bidirectional tree transformations},
	doi = {10.1145/1232420.1232424},
	number = {3},
	journal = {ACM Transactions on Programming Languages and Systems},
	author = {Foster, J. Nathan and Greenwald, Michael B. and Moore, Jonathan T. and Pierce, Benjamin C. and Schmitt, Alan},
	month = may,
	year = {2007},
	pages = {17--es},
}

@TechReport{ISO42010,
  author      = {{International Organization for Standardization}},
  institution = {{International Organization for Standardization}},
  title       = {{Systems and Software Engineering - Architecture Description}},
  year        = {2022},
  address     = {Geneva, Switzerland},
  type        = {Standard},
  number      = {ISO 42010},
  url         = {https://www.iso.org/standard/74393.html}
}

@InCollection{burger_change_2010,
  author    = {Burger, Erik and Gruschko, Boris},
  publisher = {Gesellschaft für Informatik},
  title     = {A change metamodel for the evolution of {MOF}-based metamodels},
  year      = {2010},
  pages     = {285--300},
}

@InProceedings{J:Lippe-Oosterom:1992,
  author    = {Lippe, Ernst and van Oosterom, Norbert},
  booktitle = {ACM SIGSOFT Symposium on Software Development Environments},
  title     = {Operation-Based Merging},
  year      = {1992},
  address   = {New York, NY, USA},
  pages     = {78–87},
  publisher = {ACM},
  doi       = {10.1145/142868.143753},
  location  = {Tyson's Corner, Virginia, USA},
  numpages  = {10},
}

@InProceedings{Kehrer-Kelter-Taentzer:2011,
  author    = {Kehrer, Timo and Kelter, Udo and Taentzer, Gabriele},
  booktitle = {IEEE/ACM International Conference on Automated Software Engineering},
  title     = {A rule-based approach to the semantic lifting of model differences in the context of model versioning},
  year      = {2011},
  pages     = {163-172},
  doi       = {10.1109/ASE.2011.6100050},
}


@InProceedings{Batot-Cabot-Gerard:2021,
  author       = {Batot, Edouard R. and Cabot, Jordi and Gérard, Sébastien},
  booktitle    = {ACM/IEEE International Conference on Model Driven Engineering Languages and Systems Companion},
  title        = {{(Not) Yet Another Metamodel For Traceability}},
  year         = {2021},
  address      = {Fukuoka, Japan},
  pages        = {787--796},
  publisher    = {IEEE},
  creationdate = {2023-07-03T12:08:02},
  owner        = {mamrani},
  doi          = {10.1109/MODELS-C53483.2021.00125}
}

@TechReport{TR:OMG-MOF:2016,
  author       = {{Object Management Group}},
  title        = {{Meta Object Facility (\textsc{Mof}) Specification}},
  year         = {2016},
  month        = oct,
  number       = {v2.5.1},
  creationdate = {2023-07-03T12:15:32},
  school       = {{Object Management Group}},
  url          = {https://www.omg.org/spec/MOF/2.5.1/}
}


@Article{Hebig2017,
  author    = {Regina Hebig and Djamel Eddine Khelladi and Reda Bendraou},
  journal   = {IEEE Transactions on Software Engineering},
  title     = {Approaches to co-evolution of metamodels and models: A survey},
  year      = {2017},
  pages     = {396-414},
  volume    = {43},
  doi       = {10.1109/TSE.2016.2610424},
  issue     = {5},
  publisher = {IEEE},
}

@InProceedings{Anguel2013,
  author    = {Anguel, Fouzia and Amirat, Abdelkrim and Bounour, Nora},
  booktitle = {International Symposium on Programming and Systems},
  title     = {Towards models and metamodels co-evolution approach},
  year      = {2013},
  pages     = {163-167},
  doi       = {10.1109/ISPS.2013.6581482},
}

@Article{Kessentini2022,
  author    = {Wael Kessentini and Vahid Alizadeh},
  journal   = {Software and Systems Modeling},
  title     = {Semi-automated metamodel/model co-evolution: a multi-level interactive approach},
  year      = {2022},
  pages     = {1853-1876},
  volume    = {21},
  doi       = {10.1007/S10270-022-00978-2},
  issue     = {5},
  publisher = {Springer},
}

@Article{Kusel2015,
  author    = {Kusel, Angelika and Etzlstorfer, Jurgen and Kapsammer, Elisabeth and Retschitzegger, Werner and Schwinger, Wieland and Schonbock, Johannes},
  journal   = {ACM/IEEE 18th International Conference on Model Driven Engineering Languages and Systems},
  title     = {{Consistent Co-Evolution of Models and Transformations}},
  year      = {2015},
  pages     = {116-125},
  doi       = {10.1109/MODELS.2015.7338242},
  publisher = {IEEE},
}

@Article{Khelladi2017,
  author    = {Djamel Eddine Khelladi and Reda Bendraou and Regina Hebig and Marie Pierre Gervais},
  journal   = {Journal of Systems and Software},
  title     = {A semi-automatic maintenance and co-evolution of OCL constraints with (meta)model evolution},
  year      = {2017},
  pages     = {242-260},
  volume    = {134},
  doi       = {10.1016/J.JSS.2017.09.010},
  publisher = {Elsevier},
}

@InProceedings{garcia2013,
  author    = {Jokin García and Oscar Diaz and Maider Azanza},
  booktitle = {International Conference on Software Language Engineering},
  title     = {{Model Transformation Co-Evolution: A Semi-Automatic Approach}},
  year      = {2012},
  pages     = {144-163},
  publisher = {Springer},
  doi       = {10.1007/978-3-642-36089-3_9},
}

@Article{curino2010,
  author     = {Curino, Carlo A. and Moon, Hyun Jin and Deutsch, Alin and Zaniolo, Carlo},
  journal    = {Proc. VLDB Endow.},
  title      = {Update Rewriting and Integrity Constraint Maintenance in a Schema Evolution Support System: PRISM++},
  year       = {2010},
  number     = {2},
  pages      = {117-128},
  volume     = {4},
  doi        = {10.14778/1921071.1921078},
  issue_date = {November 2010},
  publisher  = {VLDB Endowment},
}

@inproceedings{andany1991management,
  title={Management Of Schema Evolution In Databases.},
  author={Andany, Jos{\'e} and L{\'e}onard, Michel and Palisser, Carole},
  booktitle={VLDB},
  volume={91},
  pages={161--170},
  year={1991}
}

@InProceedings{younggook2005,
    author="Ra, Young-Gook",
    editor="Das, Gautam and Gulati, Ved Prakash",
    title="Relational Schema Evolution for Program Independency",
    booktitle="Intelligent Information Technology",
    year="2005",
    publisher="Springer Berlin Heidelberg",
    address="Berlin, Heidelberg",
    pages="273--281",
    doi = {10.1007/978-3-540-30561-3_29}
}

@Article{HICK2006534,
  author  = {Jean-Marc Hick and Jean-Luc Hainaut},
  journal = {Data \& Knowledge Engineering},
  title   = {Database application evolution: A transformational approach},
  year    = {2006},
  number  = {3},
  pages   = {534-558},
  volume  = {59},
  doi     = {10.1016/j.datak.2005.10.003},
}

@Article{Curino2008,
  author    = {Curino, Carlo A. and Moon, Hyun J. and Zaniolo, Carlo},
  journal   = {Proc. VLDB Endow.},
  title     = {Graceful Database Schema Evolution: The PRISM Workbench},
  year      = {2008},
  number    = {1},
  pages     = {761-772},
  volume    = {1},
  doi       = {10.14778/1453856.1453939},
  numpages  = {12},
  publisher = {VLDB Endowment},
}

@Article{Fink2020,
  author    = {Fink, Jérôme and Gobert, Maxime and Cleve, Anthony},
  journal   = {Proceedings - 20th IEEE International Working Conference on Source Code Analysis and Manipulation, SCAM 2020},
  title     = {Adapting Queries to Database Schema Changes in Hybrid Polystores},
  year      = {2020},
  pages     = {127-131},
  doi       = {10.1109/SCAM51674.2020.00019},
  publisher = {IEEE},
}

@Article{Caruccio2016,
  author    = {Loredana Caruccio and Giuseppe Polese and Genoveffa Tortora},
  journal   = {ACM Transactions on Database Systems},
  title     = {Synchronization of Queries and Views Upon Schema Evolutions},
  year      = {2016},
  month     = {5},
  volume    = {41},
  doi       = {10.1145/2903726},
  issue     = {2},
  keywords  = {DB schema evolution,query synchronization,view synchronization},
  publisher = {ACM},
}

@Comment{jabref-meta: databaseType:bibtex;}

@Comment{jabref-meta: saveActions:disabled;
all-text-fields[identity]
date[normalize_date]
month[normalize_month]
pages[normalize_page_numbers]
;}
